<record><leader>00000cas a22000007a 4500</leader><controlfield tag="001">18929629</controlfield><controlfield tag="008">881220d189u1904aluwr ne      0    0eng d</controlfield><datafield ind1=" " ind2=" " tag="010"><subfield code="a">sn 88050242 </subfield></datafield><datafield ind1=" " ind2=" " tag="040"><subfield code="a">AAR</subfield><subfield code="b">eng</subfield><subfield code="c">AAR</subfield><subfield code="d">CPN</subfield><subfield code="d">OCLCQ</subfield></datafield><datafield ind1=" " ind2=" " tag="042"><subfield code="a">msc</subfield></datafield><datafield ind1="0" ind2="4" tag="245"><subfield code="a">The Demopolis express.</subfield></datafield><datafield ind1=" " ind2=" " tag="260"><subfield code="a">Demopolis, Ala. :</subfield><subfield code="b">G.E. Breitenbach</subfield></datafield><datafield ind1=" " ind2=" " tag="300"><subfield code="a">v.</subfield></datafield><datafield ind1=" " ind2=" " tag="310"><subfield code="a">Weekly</subfield></datafield><datafield ind1="0" ind2=" " tag="362"><subfield code="a">-v. 8, no. 42 (Apr. 7, 1904).</subfield></datafield><datafield ind1=" " ind2=" " tag="515"><subfield code="a">Numbering is irregular.</subfield></datafield><datafield ind1=" " ind2=" " tag="588"><subfield code="a">Description based on: Vol. 1, no. 26 (June 1, 1893).</subfield></datafield><datafield ind1=" " ind2=" " tag="752"><subfield code="a">United States</subfield><subfield code="b">Alabama</subfield><subfield code="c">Marengo</subfield><subfield code="d">Demopolis.</subfield></datafield><datafield ind1="0" ind2="7" tag="785"><subfield code="t">Demopolis dispatch</subfield><subfield code="w">(DLC)sn 88050241</subfield></datafield><datafield ind1="0" ind2="7" tag="785"><subfield code="t">Demopolis express-dispatch</subfield><subfield code="w">(DLC)sn 88050243</subfield></datafield><datafield ind1="1" ind2=" " tag="029"><subfield code="a">AU@</subfield><subfield code="b">000025803966</subfield></datafield></record>